<record><leader>00000cas a22000007a 4500</leader><controlfield tag="001">16067042</controlfield><controlfield tag="008">870624d18971917iauwr ne      0    0eng d</controlfield><datafield ind1=" " ind2=" " tag="010"><subfield code="a">sn 87058391 </subfield></datafield><datafield ind1=" " ind2=" " tag="040"><subfield code="a">INP</subfield><subfield code="b">eng</subfield><subfield code="c">INP</subfield><subfield code="d">OCLCQ</subfield></datafield><datafield ind1=" " ind2=" " tag="042"><subfield code="a">msc</subfield></datafield><datafield ind1="0" ind2="4" tag="245"><subfield code="a">The Westgate herald.</subfield></datafield><datafield ind1=" " ind2=" " tag="260"><subfield code="a">Westgate, Fayette County, Iowa :</subfield><subfield code="b">Branch &amp; Branch</subfield></datafield><datafield ind1=" " ind2=" " tag="300"><subfield code="a">v.</subfield></datafield><datafield ind1=" " ind2=" " tag="310"><subfield code="a">Weekly</subfield></datafield><datafield ind1="1" ind2=" " tag="362"><subfield code="a">Began in 1897; ceased in May 1917.</subfield></datafield><datafield ind1=" " ind2=" " tag="500"><subfield code="a">Publisher varies.</subfield></datafield><datafield ind1=" " ind2=" " tag="588"><subfield code="a">Description based on: Vol. 3, no. 31 (Jan. 3, 1900).</subfield></datafield><datafield ind1=" " ind2=" " tag="752"><subfield code="a">United States</subfield><subfield code="b">Iowa</subfield><subfield code="c">Fayette</subfield><subfield code="d">Westgate.</subfield></datafield><datafield ind1="0" ind2="4" tag="785"><subfield code="t">Sumner gazette (Sumner, Iowa)</subfield><subfield code="w">(DLC)sn 87058392</subfield></datafield></record>